% Encoding: ISO8859_1
@article{haskellreport,
  author    = {Simon Peyton Jones, Paul Hudak, Philip Wadler},
  title     = {Haskell 98 Language and Libraries The Revised Report},
  year      = {2003},
}


@book{scott,
 author = {Scott, Michael L.},
 title = {Programming language pragmatics},
 year = {2006},
 isbn = {1-55860-442-1},
 publisher = {Morgan Kaufmann Publishers Inc.},
 address = {San Francisco, CA, USA},
 }


@book{SICP,
  author = {Harold Abelson, Gerald Jay Sussman, Julie Sussman},
  title = {The Structure and Interpretation of Computer Programs},
  year = {1996}
} 



@article{Backus78,
  author    = {John W. Backus},
  title     = {Can Programming Be Liberated From the von Neumann Style?
               A Functional Style and its Algebra of Programs},
  journal   = {Commun. ACM},
  volume    = {21},
  number    = {8},
  year      = {1978},
  pages     = {613-641},
  bibsource = {DBLP, http://dblp.uni-trier.de}
}

@article{Hudak89,
 author = {Hudak, Paul},
 title = {Conception, evolution, and application of functional programming languages},
 journal = {ACM Comput. Surv.},
 volume = {21},
 number = {3},
 year = {1989},
 issn = {0360-0300},
 pages = {359-411},
 doi = {http://doi.acm.org/10.1145/72551.72554},
 publisher = {ACM},
 address = {New York, NY, USA},
 }

@article{gentle,
 author = {Hudak, Paul and Fasel, Joseph H.},
 title = {A gentle introduction to Haskell},
 journal = {SIGPLAN Not.},
 volume = {27},
 number = {5},
 year = {1992},
 issn = {0362-1340},
 pages = {1--52},
 doi = {http://doi.acm.org/10.1145/130697.130698},
 publisher = {ACM},
 address = {New York, NY, USA},
 }

@article{lambda,
    author = {Henk Barendregt and Erik Barendsen},
    title = {Introduction to Lambda Calculus},
    year = {2000}
}

@article{lisp,
 author = {McCarthy, John},
 title = {Recursive functions of symbolic expressions and their computation by machine, Part I},
 journal = {Commun. ACM},
 volume = {3},
 number = {4},
 year = {1960},
 issn = {0001-0782},
 pages = {184--195},
 doi = {http://doi.acm.org/10.1145/367177.367199},
 publisher = {ACM},
 address = {New York, NY, USA},
 }
